

@inproceedings{agrawal1995fault,
  title={Fault localization using execution slices and dataflow tests},
  author={Agrawal, Hiraral and Horgan, Joseph R and London, Saul and Wong, W Eric},
  booktitle={Software Reliability Engineering, 1995. Proceedings., Sixth International Symposium on},
  pages={143--151},
  year={1995},
  organization={IEEE}
}

@book{chan1999java,
  title={The Java Class Libraries, Volume 1: Supplement for the Java 2 Platform, Standard Edition, V 1.2},
  author={Chan, Patrick and Lee, Rosanna and Kramer, Douglas},
  volume={1},
  year={1999},
  publisher={Addison-Wesley Professional}
}

@article{toweysoftware,
  title={Software Quality Assurance},
  author={Towey, Dave}
}

@inproceedings{ramamoorthy1975testing,
  title={Testing large software with automated software evaluation systems},
  author={Ramamoorthy, CV and Ho, Sill-bun F},
  booktitle={ACM SIGPLAN Notices},
  volume={10},
  number={6},
  pages={382--394},
  year={1975},
  organization={ACM}
}

@article{Miller1963,
  title={Systematic mistake analysis of digital computer programs},
  author={Miller, Joan C and Maloney, Clifford J},
  journal={Communications of the ACM},
  volume={6},
  number={2},
  pages={58--63},
  year={1963},
  publisher={ACM}
}

@inproceedings{huang2004securing,
  title={Securing web application code by static analysis and runtime protection},
  author={Huang, Yao-Wen and Yu, Fang and Hang, Christian and Tsai, Chung-Hung and Lee, Der-Tsai and Kuo, Sy-Yen},
  booktitle={Proceedings of the 13th international conference on World Wide Web},
  pages={40--52},
  year={2004},
  organization={ACM}
}

@inproceedings{richardson1992specification,
  title={Specification-based test oracles for reactive systems},
  author={Richardson, Debra J and Aha, Stephanie Leif and O'malley, T Owen},
  booktitle={Proceedings of the 14th international conference on Software engineering},
  pages={105--118},
  year={1992},
  organization={ACM}
}

@inproceedings{chang1999structural,
  title={Structural specification-based testing: Automated support and experimental evaluation},
  author={Chang, Juei and Richardson, Debra J},
  booktitle={Software Engineering—ESEC/FSE’99},
  pages={285--302},
  year={1999},
  organization={Springer}
}

@INPROCEEDINGS{Oriol2012law, 
author={Oriol, M.}, 
booktitle={Software Testing, Verification and Validation (ICST), 2012 IEEE Fifth International Conference on}, 
title={Random Testing: Evaluation of a Law Describing the Number of Faults Found}, 
year={2012}, 
pages={201-210}, 
keywords={Java;fault tolerant computing;program testing;Java class;Michaelis-Menten equation;Qualitas corpus;automated random testing;faults;law evaluation;Approximation methods;Equations;Histograms;Java;Mathematical model;Runtime;Testing;automated;random;testing}, 
doi={10.1109/ICST.2012.100}
}

@article{baresi2001test,
  title={Test oracles},
  author={Baresi, Luciano and Young, Michal},
  journal={Techn. Report CISTR-01},
  volume={2},
  year={2001}
}

@article{cohen2005robustness,
  title={Robustness Testing of Software-Intensive Systems: Explanation and Guide},
  author={Cohen, Julie and Plakosh, Daniel and Keeler, Kristi L},
  year={2005}
}

@article{weyuker1982testing,
  title={On testing non-testable programs},
  author={Weyuker, Elaine J},
  journal={The Computer Journal},
  volume={25},
  number={4},
  pages={465--470},
  year={1982},
  publisher={Br Computer Soc}
}

@inproceedings{tracey1998automated,
  title={An automated framework for structural test-data generation},
  author={Tracey, Nigel and Clark, John and Mander, Keith and McDermid, John},
  booktitle={Automated Software Engineering, 1998. Proceedings. 13th IEEE International Conference on},
  pages={285--288},
  year={1998},
  organization={IEEE}
}

@incollection{gaudel2010software,
  title={Software testing based on formal specification},
  author={Gaudel, Marie-Claude},
  booktitle={Testing Techniques in Software Engineering},
  pages={215--242},
  year={2010},
  publisher={Springer}
}

@article{tretmans1999,
  title={Automatic testing with formal methods},
  author={Tretmans, Jan and Belinfante, Axel},
  year={1999},
  publisher={Centre for Telematics and Information Technology, University of Twente}
}

@article{doe2010tool,
  title={A Tool Review of QuickCheck},
  author={Doe, Jane},
  year={2010}
}

@inproceedings{bertolino2007software,
  title={Software testing research: Achievements, challenges, dreams},
  author={Bertolino, Antonia},
  booktitle={Future of Software Engineering, 2007. FOSE'07},
  pages={85--103},
  year={2007},
  organization={IEEE}
}

@incollection{chan2003normalized,
  title={Normalized restricted random testing},
  author={Chan, Kwok Ping and Chen, Tsong Yueh and Towey, Dave},
  booktitle={Reliable Software Technologies—Ada-Europe 2003},
  pages={368--381},
  year={2003},
  publisher={Springer}
}

@book{american1984,
  title={Software Engineering Standards: ANSI/IEEE Std 729-1983, Glossary of Software Engineering Terminology},
  author={American National Standards Institute. New York, NY. and Institute of Electrical and Electronics Engineers},
  url={http://books.google.co.uk/books?id=dXQlcgAACAAJ},
  year={1984},
  publisher={Inst. of Electrical and Electronics Engineers}
}

@UNPUBLISHED{Ahmad2010,
  author = {Mian Asbat Ahmad},
  title = {New strategies for automated random testing of programs},
  month = {November},
  year = {2010},
  owner = {ma},
  timestamp = {2011.04.26}
}

@BOOK{Ammann2008,
  title = {Introduction to Software Testing},
  publisher = {Cambridge University Press},
  year = {2008},
  author = {Paul Ammann and Jeff Offutt},
  isbn = {0521880386},
}

@ARTICLE{Arcuri2012,
  author = {Andrea Arcuri and Muhammad Zohaib Iqbal and Lionel Briand},
  title = {Random Testing: Theoretical Results and Practical Implications},
  journal = {IEEE Transactions on Software Engineering},
  year = {2012},
  volume = {38},
  pages = {258-277},
  address = {Los Alamitos, CA, USA},
  doi = {http://doi.ieeecomputersociety.org/10.1109/TSE.2011.121},
  issn = {0098-5589},
  publisher = {IEEE Computer Society}
}

@incollection{meyer1987eiffel,
  title={Eiffel: object-oriented design for software engineering},
  author={Meyer, Bertrand and Nerson, Jean-Marc and Matsuo, Masanobu},
  booktitle={ESEC'87},
  pages={221--229},
  year={1987},
  publisher={Springer}
}

@book{beizer1995black,
  title={Black-box testing: techniques for functional testing of software and systems},
  author={Beizer, Boris},
  year={1995},
  publisher={John Wiley \& Sons, Inc.}
}

@article{fairley1978tutorial,
  title={Tutorial: Static analysis and dynamic testing of computer software},
  author={Fairley, Richard E},
  journal={Computer},
  volume={11},
  number={4},
  pages={14--23},
  year={1978},
  publisher={IEEE}
}

@article{ostrand2002white,
  title={White-Box Testing},
  author={Ostrand, Thomas},
  journal={Encyclopedia of Software Engineering},
  year={2002},
  publisher={Wiley Online Library}
}

@BOOK{Beizer1990,
  title = {Software testing techniques (2nd ed.)},
  publisher = {Van Nostrand Reinhold Co.},
  year = {1990},
  author = {Beizer, Boris},
  address = {New York, NY, USA},
  isbn = {0-442-20672-0}
}

@INPROCEEDINGS{Brown1975,
  author = {Brown, J. R. and Lipow, M.},
  title = {Testing for software reliability},
  booktitle = {Proceedings of the international conference on Reliable software},
  year = {1975},
  pages = {518--527},
  address = {New York, NY, USA},
  publisher = {ACM},
  acmid = {808475},
  doi = {http://doi.acm.org/10.1145/800027.808475},
  keywords = {Confidence, Estimation of operational software reliability, Expected
	operational usage, Functional testing, Input data space, Input space
	partition, Logical paths, Operational profile probability distribution,
	Program testing coverage, Representative testing, Software reliability,
	Structural testing, Testing, X2},
  location = {Los Angeles, California},
  numpages = {10},
  url = {http://doi.acm.org/10.1145/800027.808475}
}

@INPROCEEDINGS{Boyapati2002,
  author = {Boyapati, Chandrasekhar and Khurshid, Sarfraz and Marinov, Darko},
  title = {Korat: automated testing based on Java predicates},
  booktitle = {ISSTA '02: Proceedings of the 2002 ACM SIGSOFT international symposium
	on Software testing and analysis},
  year = {2002},
  pages = {123--133},
  address = {New York, NY, USA},
  publisher = {ACM},
  doi = {http://doi.acm.org/10.1145/566172.566191},
  isbn = {1-58113-562-9},
  location = {Roma, Italy}
}

@ARTICLE{Chang1999,
  author = {Chang, Juei and Richardson, Debra J.},
  title = {Structural specification-based testing: automated support and experimental
	evaluation},
  journal = {SIGSOFT Softw. Eng. Notes},
  year = {1999},
  volume = {24},
  pages = {285--302},
  number = {6},
  address = {New York, NY, USA},
  doi = {http://doi.acm.org/10.1145/318774.318948},
  issn = {0163-5948},
  publisher = {ACM}
}

@article{weyuker1991analyzing,
  title={Analyzing partition testing strategies},
  author={Weyuker, Elaine J. and Jeng, Bingchiang},
  journal={Software Engineering, IEEE Transactions on},
  volume={17},
  number={7},
  pages={703--711},
  year={1991},
  publisher={IEEE}
}

@ARTICLE{Chan1996,
  author = {F.T. Chan and T.Y. Chen and I.K. Mak and Y.T. Yu},
  title = {Proportional sampling strategy: guidelines for software testing practitioners},
  journal = {Information and Software Technology},
  year = {1996},
  volume = {38},
  pages = {775 - 782},
  number = {12},
  doi = {10.1016/0950-5849(96)01103-2},
  issn = {0950-5849},
  keywords = {Partition testing},
  url = {http://www.sciencedirect.com/science/article/pii/0950584996011032}
}


@INPROCEEDINGS{Chan2002,
  author = {Chan, Kwok Ping and Chen, Tsong Yueh and Towey, Dave},
  title = {Restricted Random Testing},
  booktitle = {Proceedings of the 7th International Conference on Software Quality},
  year = {2002},
  series = {ECSQ '02},
  pages = {321--330},
  address = {London, UK, UK},
  publisher = {Springer-Verlag},
  acmid = {650287},
  isbn = {3-540-43749-5},
  numpages = {10},
  url = {http://portal.acm.org/citation.cfm?id=645341.650287}
}


@INPROCEEDINGS{Chen2004a,
  author = {Chen, T.Y. and Merkel, R. and Wong, P.K. and Eddy, G.},
  title = {Adaptive random testing through dynamic partitioning},
  booktitle = {Quality Software, 2004. QSIC 2004. Proceedings. Fourth International
	Conference on},
  year = {2004},
  pages = { 79 - 86},
  month = {sept.},
  doi = {10.1109/QSIC.2004.1357947},
  keywords = { ART algorithms; adaptive random testing; dynamic partitioning; fault-detection
	capacity; partition testing; proportional sampling strategy; random
	test case generation; fault diagnosis; program testing; random processes;}
}

@INPROCEEDINGS{Chen2004b,
  author = {Chen, T.Y. and Merkel, R. and Wong, PK and Eddy, G.},
  title = {Adaptive random testing through dynamic partitioning},
  booktitle = {Quality Software, 2004. QSIC 2004. Proceedings. Fourth International
	Conference on},
  year = {2004},
  pages = {79--86},
  organization = {IEEE}
}

@ARTICLE{Chen1996,
  author = {Chen, T.Y. and Yu, Y.T.},
  title = {On the expected number of failures detected by subdomain testing
	and random testing},
  journal = {Software Engineering, IEEE Transactions on},
  year = {1996},
  volume = {22},
  pages = {109 -119},
  number = {2},
  month = {feb},
  doi = {10.1109/32.485221},
  issn = {0098-5589},
  keywords = {E measure;E-measure;disjoint subdomains;expected number;failure detection;fault
	detecting capability;partition testing;random testing;software testing;subdomain
	testing;testing strategies;program testing;programming theory;software
	metrics;}
}

@ARTICLE{Chen1994,
  author = {Chen, T.Y. and Yu, Y.T.},
  title = {On the relationship between partition and random testing},
  journal = {Software Engineering, IEEE Transactions on},
  year = {1994},
  volume = {20},
  pages = {977 -980},
  number = {12},
  month = {dec},
  doi = {10.1109/32.368132},
  issn = {0098-5589},
  keywords = {Computer bugs;Computer science;Costs;Performance analysis;Performance
	evaluation;Software testing;program testing;random processes;software
	performance evaluation;fault-detecting ability;partition testing;performance;random
	testing;software testing;subdomain size;test cases;worst case;}
}

@ARTICLE{Chen2008,
  author = {T. Y. Chen},
  title = {Adaptive Random Testing},
  journal = {Eighth International Conference on Qualify Software},
  year = {2008},
  volume = {0},
  pages = {443},
  address = {Los Alamitos, CA, USA},
  issn = {1550-6002},
  publisher = {IEEE Computer Society}
}


@INPROCEEDINGS{Chen2006,
  author = {Chen, T. Y. and Kuo, F.-C.},
  title = {Is adaptive random testing really better than random testing},
  booktitle = {Proceedings of the 1st international workshop on Random testing},
  year = {2006},
  series = {RT '06},
  pages = {64--69},
  address = {New York, NY, USA},
  publisher = {ACM},
  acmid = {1145745},
  doi = {http://doi.acm.org/10.1145/1145735.1145745},
  isbn = {1-59593-457-X},
  keywords = {adaptive random testing, fix-sized-candidate-set ART, random testing,
	software testing},
  location = {Portland, Maine},
  numpages = {6},
  url = {http://doi.acm.org/10.1145/1145735.1145745}
}

@INPROCEEDINGS{Chen2004,
  author = {Tsong Yueh Chen and Fei-Ching Kuo and Merkel, R.},
  title = {On the statistical properties of the F-measure},
  booktitle = {Quality Software, 2004. QSIC 2004. Proceedings. Fourth International
	Conference on},
  year = {2004},
  pages = { 146 - 153},
  month = {sept.},
  doi = {10.1109/QSIC.2004.1357955},
  issn = { },
  keywords = { F-measure; adaptive random testing; debug testing; geometric distribution;
	program failure; quality measurement; sampling distributions; software
	testing; statistical properties; testing effectiveness metric; worst
	case scenario; program debugging; program testing; random processes;
	sampling methods; software metrics;}
}

@INPROCEEDINGS{Chen2003,
  author = {Chen, T. Y. and Kuo, F. C. and Merkel, R. G. and Ng, S. P.},
  title = {Mirror Adaptive Random Testing},
  booktitle = {Proceedings of the Third International Conference on Quality Software},
  year = {2003},
  series = {QSIC '03},
  pages = {4},
  address = {Washington, DC, USA},
  publisher = {IEEE Computer Society},
  acmid = {951282},
  isbn = {0-7695-2015-4},
  keywords = {Adaptive Random Testing, Randomtesting, Black box testing, Test case
	selection, Softwaretesting},
  url = {http://portal.acm.org/citation.cfm?id=950789.951282}
}

@ARTICLE{Chen2010,
  author = {Chen, Tsong Yueh and Kuo, Fei-Ching and Merkel, Robert G. and Tse,
	T. H.},
  title = {Adaptive Random Testing: The ART of test case diversity},
  journal = {J. Syst. Softw.},
  year = {2010},
  volume = {83},
  pages = {60--66},
  month = {January},
  acmid = {1663914},
  address = {New York, NY, USA},
  doi = {10.1016/j.jss.2009.02.022},
  issn = {0164-1212},
  issue = {1},
  keywords = {Adaptive random sequence, Adaptive random testing, Failure pattern,
	Failure-based testing, Random testing, Software testing},
  numpages = {7},
  publisher = {Elsevier Science Inc.},
  url = {http://dl.acm.org/citation.cfm?id=1663656.1663914}
}

@BOOK{Sommerville2000,
  title = {Software Engineering},
  publisher = {Addison Wesley},
  year = {2000},
  author = {Ian Sommerville},
  edition = {6},
  month = aug,
  isbn = {{020139815X}}
}

@INPROCEEDINGS{Chen2005,
  author = {Chen, Tsong Yueh and Merkel, Robert},
  title = {Quasi-random testing},
  booktitle = {Proceedings of the 20th IEEE/ACM international Conference on Automated
	software engineering},
  year = {2005},
  series = {ASE '05},
  pages = {309--312},
  address = {New York, NY, USA},
  publisher = {ACM},
  acmid = {1101957},
  doi = {http://doi.acm.org/10.1145/1101908.1101957},
  isbn = {1-58113-993-4},
  keywords = {adaptive random testing, automated testing, low-discrepancy sequence,
	quasi-random sequence, random testing},
  location = {Long Beach, CA, USA},
  numpages = {4},
  url = {http://doi.acm.org/10.1145/1101908.1101957}
}

@INPROCEEDINGS{Chen2005a,
  author = {Chen, Tsong Yueh and Merkel, Robert},
  title = {Quasi-random testing},
  booktitle = {Proceedings of the 20th IEEE/ACM international Conference on Automated
	software engineering},
  year = {2005},
  series = {ASE '05},
  pages = {309--312},
  address = {New York, NY, USA},
  publisher = {ACM},
  acmid = {1101957},
  doi = {http://doi.acm.org/10.1145/1101908.1101957},
  isbn = {1-58113-993-4},
  keywords = {adaptive random testing, automated testing, low-discrepancy sequence,
	quasi-random sequence, random testing},
  location = {Long Beach, CA, USA},
  numpages = {4},
  url = {http://doi.acm.org/10.1145/1101908.1101957}
}

@INPROCEEDINGS{Ciupa2005,
  author = {Ilinca Ciupa and Andreas Leitner},
  title = {Automatic testing based on design by contract},
  booktitle = {In Proceedings of Net.ObjectDays 2005 (6th Annual International Conference
	on Object-Oriented and Internet-based Technologies, Concepts, and
	Applications for a Networked World},
  year = {2005},
  pages = {545--557}
}

@INPROCEEDINGS{Ciupa2008a,
  author = {Ciupa, Ilinca and Leitner, Andreas and Oriol, Manuel and Meyer, Bertrand},
  title = {ARTOO: adaptive random testing for object-oriented software},
  booktitle = {Proceedings of the 30th international conference on Software engineering},
  year = {2008},
  series = {ICSE '08},
  pages = {71--80},
  address = {New York, NY, USA},
  publisher = {ACM},
  acmid = {1368099},
  doi = {http://doi.acm.org/10.1145/1368088.1368099},
  isbn = {978-1-60558-079-1},
  keywords = {adaptive random testing, object distance, software testing},
  location = {Leipzig, Germany},
  numpages = {10},
  url = {http://doi.acm.org/10.1145/1368088.1368099}
}

@ARTICLE{Khurshid2004,
  author = {Sarfraz Khurshid and Darko Marinov},
  title = {{TestEra:} {Specification-Based} Testing of Java Programs Using {SAT}},
  journal = {Automated Software Engineering},
  year = {2004},
  volume = {11},
  pages = {403--434},
  note = {{10.1023/B:AUSE.0000038938.10589.b9}},
  issn = {0928-8910},
  url = {http://dx.doi.org/10.1023/B:AUSE.0000038938.10589.b9}
}


@INPROCEEDINGS{Ciupa2007,
  author = {Ciupa, Ilinca and Leitner, Andreas and Oriol, Manuel and Meyer, Bertrand},
  title = {Experimental assessment of random testing for object-oriented software},
  booktitle = {Proceedings of the 2007 international symposium on Software testing
	and analysis},
  year = {2007},
  series = {ISSTA '07},
  pages = {84--94},
  address = {New York, NY, USA},
  publisher = {ACM},
  acmid = {1273476},
  doi = {http://doi.acm.org/10.1145/1273463.1273476},
  isbn = {978-1-59593-734-6},
  keywords = {experimental evaluation, random testing, software testing},
  location = {London, United Kingdom},
  numpages = {11},
  url = {http://doi.acm.org/10.1145/1273463.1273476}
}

@ARTICLE{Levenshtein1966,
  author = {V. I. Levenshtein},
  title = {Binary codes capable of correcting deletions, insertions, and reversals},
  year = {1966},
  volume = {10},
  pages = {707-710},
  number = {8},
  abstractnote = {Not Available},
  url = {http://sascha.geekheim.de/wp-content/uploads/2006/04/levenshtein.pdf}
}

@INPROCEEDINGS{Ciupa2006,
  author = {Ciupa, Ilinca and Leitner, Andreas and Oriol, Manuel and Meyer, Bertrand},
  title = {Object distance and its application to adaptive random testing of
	object-oriented programs},
  booktitle = {Proceedings of the 1st international workshop on Random testing},
  year = {2006},
  series = {RT '06},
  pages = {55--63},
  address = {New York, NY, USA},
  publisher = {ACM},
  acmid = {1145744},
  doi = {10.1145/1145735.1145744},
  isbn = {1-59593-457-X},
  keywords = {adaptive random testing, distanced-based testing, object distance,
	random testing},
  location = {Portland, Maine},
  numpages = {9},
  url = {http://doi.acm.org/10.1145/1145735.1145744}
}

@inproceedings{sen2007effective,
  title={Effective random testing of concurrent programs},
  author={Sen, Koushik},
  booktitle={Proceedings of the twenty-second IEEE/ACM international conference on Automated software engineering},
  pages={323--332},
  year={2007},
  organization={ACM}
}

@INPROCEEDINGS{Ciupa2008,
  author = {Ciupa, Ilinca and Meyer, Bertrand and Oriol, Manuel and Pretschner,
	Alexander},
  title = {Finding Faults: Manual Testing vs. Random+ Testing vs. User Reports},
  booktitle = {Proceedings of the 2008 19th International Symposium on Software
	Reliability Engineering},
  year = {2008},
  pages = {157--166},
  address = {Washington, DC, USA},
  publisher = {IEEE Computer Society},
  acmid = {1475420},
  doi = {10.1109/ISSRE.2008.18},
  isbn = {978-0-7695-3405-3},
  keywords = {testing strategies, object oriented software, fault classification,
	empirical studies},
  numpages = {10},
  url = {http://portal.acm.org/citation.cfm?id=1474554.1475420}
}

@INPROCEEDINGS{Ciupa2008b,
  author = {Ciupa, Ilinca and Pretschner, Alexander and Leitner, Andreas and
	Oriol, Manuel and Meyer, Bertrand},
  title = {On the Predictability of Random Tests for Object-Oriented Software},
  booktitle = {Proceedings of the 2008 International Conference on Software Testing,
	Verification, and Validation},
  year = {2008},
  pages = {72--81},
  address = {Washington, DC, USA},
  publisher = {IEEE Computer Society},
  acmid = {1382069},
  doi = {10.1109/ICST.2008.20},
  isbn = {978-0-7695-3127-4},
  keywords = {random testing, predictability, fault, failure},
  numpages = {10},
  url = {http://portal.acm.org/citation.cfm?id=1381305.1382069}
}

@ARTICLE{Ciupa2009,
  author = {Ciupa, I and Pretschner, A and Oriol, M and Leitner, A and Meyer,
	B},
  title = {On the number and nature of faults found by random testing},
  journal = {Software Testing Verification and Reliability},
  year = {2009},
  volume = {9999},
  pages = {1--7},
  number = {9999},
  abstract = {The first part of this article investigates the predictability of
	random testing: experimental evidence indicates that the relative
	number of faults detected by random testing over time is predictable,
	but that different runs of the random test case generator detect
	different faults. The second part of this article evaluates the nature
	of the faults found by random testing and compares these faults to
	the ones found through manual testing and by users of the software.
	The results show the three strategies to be complementary.},
  publisher = {John Wiley \& Sons},
  url = {http://www3.interscience.wiley.com/journal/122498617/abstract}
}

@INPROCEEDINGS{Claessen2000,
  author = {Claessen, Koen and Hughes, John},
  title = {QuickCheck: a lightweight tool for random testing of Haskell programs},
  booktitle = {Proceedings of the fifth ACM SIGPLAN international conference on
	Functional programming},
  year = {2000},
  series = {ICFP '00},
  pages = {268--279},
  address = {New York, NY, USA},
  publisher = {ACM},
  acmid = {351266},
  doi = {http://doi.acm.org/10.1145/351240.351266},
  isbn = {1-58113-202-6},
  numpages = {12},
  url = {http://doi.acm.org/10.1145/351240.351266}
}

@INPROCEEDINGS{Hudak2007,
  author = {Hudak, Paul and Hughes, John and Jones, Simon Peyton and Wadler,
	Philip},
  title = {A history of Haskell: being lazy with class},
  booktitle = {HOPL III: Proceedings of the third ACM SIGPLAN conference on History
	of programming languages},
  year = {2007},
  pages = {12-1--12-55},
  address = {New York, NY, USA},
  publisher = {ACM},
  doi = {http://doi.acm.org/10.1145/1238844.1238856},
  isbn = {978-1-59593-766-X},
  location = {San Diego, California}
}


@ARTICLE{Csallner2004,
  author = {Christoph Csallner and Yannis Smaragdakis},
  title = {JCrasher: An automatic robustness tester for {Java}},
  journal = {Software---Practice \& Experience},
  year = {2004},
  volume = {34},
  pages = {1025--1050},
  number = {11},
  month = sep
}

@INCOLLECTION{Dijkstra1972,
  author = {Dijkstra, Edsger W.},
  title = {Structured programming},
  publisher = {Academic Press Ltd.},
  year = {1972},
  editor = {Dahl, O. J. and Dijkstra, E. W. and Hoare, C. A. R.},
  chapter = {Chapter I: Notes on structured programming},
  pages = {1--82},
  address = {London, UK, UK},
  acmid = {1243381},
  isbn = {0-12-200550-3},
  numpages = {82},
  url = {http://portal.acm.org/citation.cfm?id=1243380.1243381}
}

@MASTERSTHESIS{Dimitraiadis2009,
  author = {Vasileios Dimitraiadis},
  title = {Testing JML Code with YETI},
  school = {Department of Computer Science, The University of York},
  year = {2009},
  month = {September},
  owner = {ma},
  timestamp = {2011.05.06}
}

@inproceedings{leitner2007efficient,
  title={Efficient unit test case minimization},
  author={Leitner, Andreas and Oriol, Manuel and Zeller, Andreas and Ciupa, Ilinca and Meyer, Bertrand},
  booktitle={Proceedings of the twenty-second IEEE/ACM international conference on Automated software engineering},
  pages={417--420},
  year={2007},
  organization={ACM}
}

@INPROCEEDINGS{Duran1981,
  author = {Duran, Joe W. and Ntafos, Simeon},
  title = {A report on random testing},
  booktitle = {Proceedings of the 5th international conference on Software engineering},
  year = {1981},
  series = {ICSE '81},
  pages = {179--183},
  address = {Piscataway, NJ, USA},
  publisher = {IEEE Press},
  acmid = {802530},
  isbn = { 0-89791-146-6 },
  location = {San Diego, California, United States},
  numpages = {5},
  url = {http://portal.acm.org/citation.cfm?id=800078.802530}
}

@ARTICLE{Duran1984,
  author = {Duran, Joe W. and Ntafos, Simeon C.},
  title = {An Evaluation of Random Testing},
  journal = {Software Engineering, IEEE Transactions on},
  year = {1984},
  volume = {SE-10},
  pages = {438 -444},
  number = {4},
  month = {july },
  doi = {10.1109/TSE.1984.5010257},
  issn = {0098-5589}
}

@ARTICLE{Duran1980,
  author = {Duran, Joe W. and Wiorkowski, John J.},
  title = {Quantifying Software Validity by Sampling},
  journal = {Reliability, IEEE Transactions on},
  year = {1980},
  volume = {R-29},
  pages = {141 -144},
  number = {2},
  month = {june },
  doi = {10.1109/TR.1980.5220756},
  issn = {0018-9529}
}

@BOOK{Agarwal2009,
  title = {Software Engineering and Testing: An Introduction},
  publisher = {Jones \& Bartlett Publishers},
  year = {2009},
  author = {B. B. Agarwal and S. P. Tayal and M. Gupta},
  edition = {1},
  month = mar,
  isbn = {1934015555},
  shorttitle = {Software Engineering and Testing}
}

@BOOK{Savenkov2008,
  title = {How to Become a Software Tester},
  publisher = {Roman Savenkov},
  year = {2008},
  author = {Roman Savenkov},
  edition = {1},
  month = nov,
  isbn = {0615233724}
}

@incollection{donat1997automating,
  title={Automating formal specification-based testing},
  author={Donat, Michael R},
  booktitle={TAPSOFT'97: Theory and Practice of Software Development},
  pages={833--847},
  year={1997},
  publisher={Springer}
}

@BOOK{Everett2007,
  title = {Software Testing: Testing Across the Entire Software Development
	Life Cycle},
  publisher = {Wiley-IEEE Computer Society Pr},
  year = {2007},
  author = {Gerald D. Everett and Raymond McLeod Jr.},
  isbn = {9780471793717},
 }

@INPROCEEDINGS{Forrester2000,
  author = {Forrester, Justin E. and Miller, Barton P.},
  title = {An empirical study of the robustness of Windows NT applications using
	random testing},
  booktitle = {Proceedings of the 4th conference on USENIX Windows Systems Symposium
	- Volume 4},
  year = {2000},
  series = {WSS'00},
  pages = {6--6},
  address = {Berkeley, CA, USA},
  publisher = {USENIX Association},
  acmid = {1267108},
  location = {Seattle, Washington},
  numpages = {1},
  url = {http://dl.acm.org/citation.cfm?id=1267102.1267108}
}

@article{Hierons2009,
 author = {Hierons, Robert M. and Bogdanov, Kirill and Bowen, Jonathan P. and Cleaveland, Rance and Derrick, John and Dick, Jeremy and Gheorghe, Marian and Harman, Mark and Kapoor, Kalpesh and Krause, Paul and L\"{u}ttgen, Gerald and Simons, Anthony J. H. and Vilkomir, Sergiy and Woodward, Martin R. and Zedan, Hussein},
 title = {Using formal specifications to support testing},
 journal = {ACM Comput. Surv.},
 issuedate = {February 2009},
 volume = {41},
 number = {2},
 month = feb,
 year = {2009},
 issn = {0360-0300},
 pages = {9:1--9:76},
 articleno = {9},
 numpages = {76},
 url = {http://doi.acm.org/10.1145/1459352.1459354},
 doi = {10.1145/1459352.1459354},
 acmid = {1459354},
 publisher = {ACM},
 address = {New York, NY, USA},
 keywords = {Software testing, formal methods},
} 

@INPROCEEDINGS{Gerlich2007,
  author = {Gerlich, Rainer and Gerlich, Ralf and Boll, Thomas},
  title = {Random testing: from the classical approach to a global view and
	full test automation},
  booktitle = {Proceedings of the 2nd international workshop on Random testing:
	co-located with the 22nd IEEE/ACM International Conference on Automated
	Software Engineering (ASE 2007)},
  year = {2007},
  series = {RT '07},
  pages = {30--37},
  address = {New York, NY, USA},
  publisher = {ACM},
  acmid = {1292424},
  doi = {http://doi.acm.org/10.1145/1292414.1292424},
  isbn = {978-1-59593-881-7},
  keywords = {automated software test, path set coverage, random testing, test coverage},
  location = {Atlanta, Georgia},
  numpages = {8},
  url = {http://doi.acm.org/10.1145/1292414.1292424}
}

@BOOK{Gilbert2008,
  title = {The JFreeChart class library version 1.0.9: Developer's guide},
  publisher = {Refinery Limited},
  year = {2008},
  author = {Gilbert, D.},
  address = {Hertfordshire}
}

@inproceedings{reid1997empirical,
  title={An empirical analysis of equivalence partitioning, boundary value analysis and random testing},
  author={Reid, Stuart C},
  booktitle={Software Metrics Symposium, 1997. Proceedings., Fourth International},
  pages={64--73},
  year={1997},
  organization={IEEE}
}

@inproceedings{formal1997specification,
  title={On the use
of formal methods in industry -- an authoritative
assessment of the efficacy, utility, and applicability of
formal methods to systems design and engineering by
the analysis of real industrial cases},
  author={Craigen D, Gerhart S, Ralston T},
  booktitle={Report to the US National Institute of Standards and Technology},
  year={1993}
}

@INPROCEEDINGS{Godefroid2005,
  author = {Godefroid, Patrice and Klarlund, Nils and Sen, Koushik},
  title = {DART: directed automated random testing},
  booktitle = {ACM Sigplan Notices},
  year = {2005},
  pages = {213--223},
  volume = {40},
  number = {6},
  organization = {ACM}
}

@article{radatz1990ieee,
  title={IEEE standard glossary of software engineering terminology},
  author={Radatz, Jane and Geraci, Anne and Katki, Freny},
  journal={IEEE Std},
  volume={610121990},
  pages={121990},
  year={1990}
}

@MISC{Google2011,
  author = {Google},
  month = {May},
  year = {2011},
  title = {Google Web ToolKit},
  organization = {Google},
  url = {http://code.google.com/webtoolkit/},
  owner = {ma},
  timestamp = {2011.05.05}
}

@ARTICLE{Gutjahr1999,
  author = {Gutjahr, W.J.},
  title = {Partition testing vs. random testing: the influence of uncertainty
	},
  journal = {Software Engineering, IEEE Transactions on},
  year = {1999},
  volume = {25},
  pages = {661 -674},
  number = {5},
  month = {sep/oct},
  doi = {10.1109/32.815325},
  issn = {0098-5589},
  keywords = {decisions under uncertainty;fault detection;partition testing;program
	failure rates;program testing;random testing;random variables;program
	debugging;program testing;}
}

@inproceedings{ntafos1998random,
  title={On random and partition testing},
  author={Ntafos, Simeon},
  booktitle={ACM SIGSOFT Software Engineering Notes},
  volume={23},
  number={2},
  pages={42--48},
  year={1998},
  organization={ACM}
}

@ARTICLE{hamlet1990,
  author = {Hamlet, D. and Taylor, R.},
  title = {Partition testing does not inspire confidence [program testing]},
  journal = {Software Engineering, IEEE Transactions on},
  year = {1990},
  volume = {16},
  pages = {1402 -1411},
  number = {12},
  month = {dec},
  doi = {10.1109/32.62448},
  issn = {0098-5589},
  keywords = {abstract;expected failures;failure detection;partition testing;program
	testing;theoretical models;program testing;system recovery;}
}

@article{hamlet1994,
  title={Random testing},
  author={Hamlet, Richard},
  journal={Encyclopedia of software Engineering},
  year={1994},
  publisher={Wiley Online Library}
}

@INPROCEEDINGS{Harrold2000,
  author = {Harrold, Mary Jean},
  title = {Testing: a roadmap},
  booktitle = {Proceedings of the Conference on The Future of Software Engineering},
  year = {2000},
  series = {ICSE '00},
  pages = {61--72},
  address = {New York, NY, USA},
  publisher = {ACM},
  acmid = {336532},
  doi = {http://doi.acm.org/10.1145/336512.336532},
  isbn = {1-58113-253-0},
  location = {Limerick, Ireland},
  numpages = {12},
  url = {http://doi.acm.org/10.1145/336512.336532}
}

@MISC{java2011,
  author = {Oracle Java},
  month = {May},
  year = {2011},
  title = {Java},
  address = {http://www.oracle.com/technetwork/java/index.html},
  url = {http://www.oracle.com/technetwork/java/index.html},
  owner = {ma},
  timestamp = {2011.05.06}
}

@INPROCEEDINGS{Jones2002,
  author = {Jones, James A. and Harrold, Mary Jean and Stasko, John},
  title = {Visualization of test information to assist fault localization},
  booktitle = {Proceedings of the 24th International Conference on Software Engineering},
  year = {2002},
  series = {ICSE '02},
  pages = {467--477},
  address = {New York, NY, USA},
  publisher = {ACM},
  acmid = {581397},
  doi = {10.1145/581339.581397},
  isbn = {1-58113-472-X},
  location = {Orlando, Florida},
  numpages = {11},
  url = {http://doi.acm.org/10.1145/581339.581397}
}

@TECHREPORT{Kaner2004,
  author = {Cem Kaner},
  title = {Software Testing as a Social Science},
  institution = {Florida Institute of Technology},
  year = {2004},
  month = {July},
  owner = {ma},
  timestamp = {2011.05.05},
  url = {http://www.testingeducation.org/a/ifipkaner.pdf}
}

@TECHREPORT{Tassey2002,
  author = {Tassey},
  title = {The economic impacts of inadequate infrastructure for software testing},
  institution = {National Institute of Science and Technology},
  year = {2002},
  owner = {ma},
  url = {http://www.nist.gov/public_affairs/releases/n02-}
}

@MASTERSTHESIS{Khawaja2010,
  author = {Muneeb Waseem Khawaja},
  title = {YETI: Increase Branch Coverage},
  school = {Department of Computer Science, The University of York},
  year = {2010},
  month = {September},
  owner = {ma},
  timestamp = {2011.05.06}
}

@MASTERSTHESIS{Kiciak2010,
  author = {Szymon Kiciak},
  title = {Impact of Using Literals as Interesting Values for YETI},
  school = {Department of Computer Science, The University of York},
  year = {2010},
  month = {September},
  owner = {ma},
  timestamp = {2011.05.06}
}

@article{Lakhani2003,
  title={How open source software works:“free” user-to-user assistance},
  author={Lakhani, Karim R and Von Hippel, Eric},
  journal={Research policy},
  volume={32},
  number={6},
  pages={923--943},
  year={2003},
  publisher={Elsevier}
}

@INPROCEEDINGS{Leitner2007,
  author = {Leitner, Andreas and Ciupa, Ilinca and Meyer, Bertrand and Howard,
	Mark},
  title = {Reconciling Manual and Automated Testing: The AutoTest Experience},
  booktitle = {Proceedings of the 40th Annual Hawaii International Conference on
	System Sciences},
  year = {2007},
  series = {HICSS '07},
  pages = {261a--},
  address = {Washington, DC, USA},
  publisher = {IEEE Computer Society},
  acmid = {1255994},
  doi = {http://dx.doi.org/10.1109/HICSS.2007.462},
  isbn = {0-7695-2755-8},
  url = {http://dx.doi.org/10.1109/HICSS.2007.462}
}

@INPROCEEDINGS{Leitner2009,
  author = {Leitner, Andreas and Pretschner, Alexander and Mori, Stefan and Meyer,
	Bertrand and Oriol, Manuel},
  title = {On the Effectiveness of Test Extraction without Overhead},
  booktitle = {Proceedings of the 2009 International Conference on Software Testing
	Verification and Validation},
  year = {2009},
  pages = {416--425},
  address = {Washington, DC, USA},
  publisher = {IEEE Computer Society},
  acmid = {1548228},
  doi = {10.1109/ICST.2009.30},
  isbn = {978-0-7695-3601-9},
  keywords = {test, extraction},
  numpages = {10},
  url = {http://dl.acm.org/citation.cfm?id=1547558.1548228}
}

@INPROCEEDINGS{Linger1993,
  author = {Linger, Richard C.},
  title = {Cleanroom software engineering for zero-defect software},
  booktitle = {Proceedings of the 15th international conference on Software Engineering},
  year = {1993},
  series = {ICSE '93},
  pages = {2--13},
  address = {Los Alamitos, CA, USA},
  publisher = {IEEE Computer Society Press},
  acmid = {257575},
  isbn = {0-89791-588-7},
  keywords = {box structures, cleanroom software engineering, correctness verification,
	formal specification, incremental development, software quality certification,
	statistical usage testing},
  location = {Baltimore, Maryland, USA},
  numpages = {12},
  url = {http://dl.acm.org/citation.cfm?id=257572.257575}
}

@book{voas1997software,
  title={Software fault injection: inoculating programs against errors},
  author={Voas, Jeffrey M and McGraw, Gary},
  year={1997},
  publisher={John Wiley \& Sons, Inc.}
}

@ARTICLE{Liu2012,
  author = {Liu, Huai and Kuo, Fei-Ching and Chen, Tsong Yueh},
  title = {Comparison of adaptive random testing and random testing under various
	testing and debugging scenarios},
  journal = {Software: Practice and Experience},
  year = {2012},
  volume = {42},
  pages = {1055--1074},
  number = {8},
  doi = {10.1002/spe.1113},
  issn = {1097-024X},
  keywords = {software testing, random testing, adaptive random testing, failure-detection
	effectiveness, testing effectiveness metric},
  publisher = {John Wiley \& Sons, Ltd},
  url = {http://dx.doi.org/10.1002/spe.1113}
}

@INPROCEEDINGS{Mayer2005,
  author = {Mayer, Johannes},
  title = {Lattice-based adaptive random testing},
  booktitle = {Proceedings of the 20th IEEE/ACM international Conference on Automated
	software engineering},
  year = {2005},
  pages = {333--336},
  organization = {ACM}
}

@inproceedings{chen2009enhanced,
  title={Enhanced lattice-based adaptive random testing},
  author={Chen, Tsong Yueh and Huang, De Hao and Kuo, F-C and Merkel, Robert G and Mayer, Johannes},
  booktitle={Proceedings of the 2009 ACM symposium on Applied Computing},
  pages={422--429},
  year={2009},
  organization={ACM}
}

@inproceedings{vilkomir2003tolerance,
  title={Tolerance of control-flow testing criteria},
  author={Vilkomir, Sergiy A and Kapoor, Kalpesh and Bowen, Jonathan P},
  booktitle={Computer Software and Applications Conference, 2003. COMPSAC 2003. Proceedings. 27th Annual International},
  pages={182--187},
  year={2003},
  organization={IEEE}
}

@BOOK{mccabe1983,
  title = {Structured testing},
  publisher = {IEEE Computer Society Press},
  year = {1983},
  author = {McCabe, Thomas J},
  volume = {500},
  number = {99}
}

@BOOK{Meyer2000,
  title = {{Object-Oriented Software Construction}},
  publisher = {Prentice Hall PTR},
  year = {2000},
  author = {Meyer, Bertrand},
  edition = {2nd},
  month = mar,
  day = {21},
  howpublished = {Paperback},
  isbn = {0136291554},
  keywords = {dt, oo, programming},
  posted-at = {2007-02-01 01:56:05},
  priority = {2},
  url = {http://www.amazon.com/exec/obidos/redirect?tag=citeulike07-20\&path=ASIN/0136291554}
}

@article{fosdick1976data,
  title={Data flow analysis in software reliability},
  author={Fosdick, Lloyd D and Osterweil, Leon J},
  journal={ACM Computing Surveys (CSUR)},
  volume={8},
  number={3},
  pages={305--330},
  year={1976},
  publisher={ACM}
}

@BOOK{Myers1979,
  title = {Art of Software Testing},
  publisher = {John Wiley \& Sons, Inc.},
  year = {1979},
  author = {Myers, Glenford J.},
  address = {New York, NY, USA},
  isbn = {0471043281}
}

@BOOK{Maurice1985,
  title = {Memoirs of a Computer Pioneer},
  publisher = {The MIT Press},
  year = {1985},
  author = {Maurice Wilkes},
}

@article{clarke1989formal,
  title={A formal evaluation of data flow path selection criteria},
  author={Clarke, Lori A and Podgurski, Andy and Richardson, Debra J. and Zeil, Steven J.},
  journal={Software Engineering, IEEE Transactions on},
  volume={15},
  number={11},
  pages={1318--1332},
  year={1989},
  publisher={IEEE}
}

@article{chilenski1994applicability,
  title={Applicability of modified condition/decision coverage to software testing},
  author={Chilenski, John Joseph and Miller, Steven P},
  journal={Software Engineering Journal},
  volume={9},
  number={5},
  pages={193--200},
  year={1994},
  publisher={IET}
}


@BOOK{Myers2011,
  title = {The art of software testing},
  publisher = {Wiley},
  year = {2011},
  author = {Myers, Glenford J and Sandler, Corey and Badgett, Tom}
}

@INPROCEEDINGS{Ng2004,
  author = {Ng, S.P. and Murnane, T. and Reed, K. and Grant, D. and Chen, T.Y.},
  title = {A preliminary survey on software testing practices in Australia},
  booktitle = {Software Engineering Conference, 2004. Proceedings. 2004 Australian},
  year = {2004},
  pages = { 116 - 125},
  doi = {10.1109/ASWEC.2004.1290464},
  issn = { },
  keywords = { Australian ICT industry; automated testing tool; software engineering;
	software testing education; software testing metrics; software testing
	practice; testing standard; program testing; software metrics; software
	standards;}
}

@book{patton2001software,
  title={Software testing},
  author={Patton, Ron},
  volume={2},
  year={2001},
  publisher={Sams Indianapolis}
}

@book{young2008software,
  title={Software testing and analysis: process, principles, and techniques},
  author={Young, Michal},
  year={2008},
  publisher={John Wiley \& Sons}
}

@ARTICLE{Ntafos2001,
  author = {Ntafos, Simeon C.},
  title = {On Comparisons of Random, Partition, and Proportional Partition Testing},
  journal = {IEEE Trans. Softw. Eng.},
  year = {2001},
  volume = {27},
  pages = {949--960},
  month = {October},
  acmid = {505469},
  address = {Piscataway, NJ, USA},
  doi = {10.1109/32.962563},
  issn = {0098-5589},
  issue = {10},
  keywords = {Program testing, random testing, partition testing, proportional partition
	testing.},
  numpages = {12},
  publisher = {IEEE Press},
  url = {http://portal.acm.org/citation.cfm?id=505464.505469}
}

@ARTICLE{Offutt1996,
  author = {Offutt, A. Jefferson and Hayes, J. Huffman},
  title = {A semantic model of program faults},
  journal = {SIGSOFT Softw. Eng. Notes},
  year = {1996},
  volume = {21},
  pages = {195--200},
  number = {3},
  month = may,
  acmid = {226317},
  address = {New York, NY, USA},
  doi = {10.1145/226295.226317},
  issn = {0163-5948},
  issuedate = {May 1996},
  numpages = {6},
  publisher = {ACM},
  url = {http://doi.acm.org/10.1145/226295.226317}
}

@ARTICLE{Oriat2004,
  author = {Catherine Oriat},
  title = {Jartege: a Tool for Random Generation of Unit Tests for Java Classes},
  journal = {CoRR},
  year = {2004},
  volume = {abs/cs/0412012},
  bibsource = {DBLP, http://dblp.uni-trier.de},
  ee = {http://arxiv.org/abs/cs/0412012}
}

@article{adrion1982validation,
  title={Validation, verification, and testing of computer software},
  author={Adrion, W Richards and Branstad, Martha A and Cherniavsky, John C},
  journal={ACM Computing Surveys (CSUR)},
  volume={14},
  number={2},
  pages={159--192},
  year={1982},
  publisher={ACM}
}

@INPROCEEDINGS{Oriol2012,
  author = {Oriol, M.},
  title = {Random Testing: Evaluation of a Law Describing the Number of Faults
	Found},
  booktitle = {Software Testing, Verification and Validation (ICST), 2012 IEEE Fifth
	International Conference on},
  year = {2012},
  pages = {201 -210},
  month = {april},
  doi = {10.1109/ICST.2012.100},
  keywords = {Java class;Michaelis-Menten equation;Qualitas corpus;automated random
	testing;faults;law evaluation;Java;fault tolerant computing;program
	testing;}
}

@INPROCEEDINGS{Oriol2012a,
  author = {Oriol, M.},
  title = {Random Testing: Evaluation of a Law Describing the Number of Faults
	Found},
  booktitle = {Software Testing, Verification and Validation (ICST), 2012 IEEE Fifth
	International Conference on},
  year = {2012},
  pages = {201 -210},
  month = {april},
  doi = {10.1109/ICST.2012.100},
  keywords = {Java class;Michaelis-Menten equation;Qualitas corpus;automated random
	testing;faults;law evaluation;Java;fault tolerant computing;program
	testing;}
}

@MISC{Oriol2011,
  author = {Oriol, M.},
  title = {York Extensible Testing Infrastructure},
  year = {2011},
  organization = {Department of Computer Science, The University of York.},
  url = {http://www.yetitest.org/},
  owner = {ma},
  timestamp = {2011.04.23}
}

@MISC{Oriol2011a,
  author = {Oriol, M.},
    title = {York Extensible Testing Infrastructure},
  year = {2011},
  organization = {Department of Computer Science, The University of York.},
  url = {http://www.yetitest.org/},
  owner = {ma},
  timestamp = {2011.04.23}
}

@UNPUBLISHED{Oriol2010b,
  author = {Oriol, M.},
  title = {The York Extensible Testing Infrastructure (YETI)},
  year = {2010},
  owner = {ma},
  timestamp = {2012.03.21}
}

@INPROCEEDINGS{Oriol2010c,
  author = {Oriol, Manuel and Tassis, Sotirios},
  title = {Testing .NET Code with YETI},
  booktitle = {Proceedings of the 2010 15th IEEE International Conference on Engineering
	of Complex Computer Systems},
  year = {2010},
  series = {ICECCS '10},
  pages = {264--265},
  address = {Washington, DC, USA},
  publisher = {IEEE Computer Society},
  acmid = {1912578},
  doi = {http://dx.doi.org/10.1109/ICECCS.2010.58},
  isbn = {978-0-7695-4015-3},
  keywords = {Automatic test software, Software engineering},
  numpages = {2},
  url = {http://dx.doi.org/10.1109/ICECCS.2010.58}
}

@INPROCEEDINGS{Oriol2010d,
  author = {Oriol, Manuel and Tassis, Sotirios},
  title = {Testing .NET Code with YETI},
  booktitle = {Proceedings of the 2010 15th IEEE International Conference on Engineering
	of Complex Computer Systems},
  year = {2010},
  series = {ICECCS '10},
  pages = {264--265},
  address = {Washington, DC, USA},
  publisher = {IEEE Computer Society},
  acmid = {1912578},
  doi = {10.1109/ICECCS.2010.58},
  isbn = {978-0-7695-4015-3},
  keywords = {Automatic test software, Software engineering},
  numpages = {2},
  url = {http://dx.doi.org/10.1109/ICECCS.2010.58}
}

@ARTICLE{Oriol2010,
  author = {Manuel Oriol and Faheem Ullah},
  title = {YETI on the Cloud},
  journal = {Software Testing Verification and Validation Workshop, IEEE International
	Conference on},
  year = {2010},
  volume = {0},
  pages = {434-437},
  address = {Los Alamitos, CA, USA},
  doi = {http://doi.ieeecomputersociety.org/10.1109/ICSTW.2010.68},
  isbn = {978-0-7695-4050-4},
  publisher = {IEEE Computer Society}
}

@phdthesis{pacheco2009directed,
  title={Directed random testing},
  author={Pacheco, Carlos},
  year={2009},
  school={Massachusetts Institute of Technology}
}

@INPROCEEDINGS{Pacheco2007b,
  author = {Carlos Pacheco and Michael D. Ernst},
  title = {{Randoop:} Feedback-directed Random Testing for {Java}},
  booktitle = {OOPSLA 2007 Companion, Montreal, Canada},
  year = {2007},
  month = oct,
  organization = {ACM}
}

@INPROCEEDINGS{Pacheco2005,
  author = {Carlos Pacheco and Michael D. Ernst},
  title = {Eclat: Automatic generation and classification of test inputs},
  booktitle = {In 19th European Conference Object-Oriented Programming},
  year = {2005},
  pages = {504--527}
}

@INPROCEEDINGS{Pacheco2007,
  author = {Pacheco, Carlos and Lahiri, Shuvendu K. and Ernst, Michael D. and
	Ball, Thomas},
  title = {Feedback-Directed Random Test Generation},
  booktitle = {Proceedings of the 29th international conference on Software Engineering},
  year = {2007},
  series = {ICSE '07},
  pages = {75--84},
  address = {Washington, DC, USA},
  publisher = {IEEE Computer Society},
  acmid = {1248841},
  doi = {10.1109/ICSE.2007.37},
  isbn = {0-7695-2828-7},
  numpages = {10},
  url = {http://dx.doi.org/10.1109/ICSE.2007.37}
}

@article{visser2004test,
  title={Test input generation with Java PathFinder},
  author={Visser, Willem and P?s?reanu, Corina S and Khurshid, Sarfraz},
  journal={ACM SIGSOFT Software Engineering Notes},
  volume={29},
  number={4},
  pages={97--107},
  year={2004},
  publisher={ACM}
}

@INPROCEEDINGS{Pacheco2007a,
  author = {Pacheco, Carlos and Lahiri, Shuvendu K. and Ernst, Michael D. and
	Ball, Thomas},
  title = {Feedback-Directed Random Test Generation},
  booktitle = {Proceedings of the 29th international conference on Software Engineering},
  year = {2007},
  series = {ICSE '07},
  pages = {75--84},
  address = {Washington, DC, USA},
  publisher = {IEEE Computer Society},
  acmid = {1248841},
  doi = {http://dx.doi.org/10.1109/ICSE.2007.37},
  isbn = {0-7695-2828-7},
  numpages = {10},
  url = {http://dx.doi.org/10.1109/ICSE.2007.37}
}

@INPROCEEDINGS{Pettichord1996,
  author = {Bret Pettichord},
  title = {Success with Test Automation},
  booktitle = {Quality Week, San Francisco, May 1996},
  year = {1996},
  month = {May},
  owner = {ma},
  timestamp = {2011.05.17},
  url = {http://www.io.com/~wazmo/succpap.htm}
}

@INPROCEEDINGS{Podgurski2003,
  author = {Podgurski, A. and Leon, D. and Francis, P. and Masri, W. and Minch,
	M. and Jiayang Sun and Bin Wang},
  title = {Automated support for classifying software failure reports},
  booktitle = {Software Engineering, 2003. Proceedings. 25th International Conference
	on},
  year = {2003},
  pages = { 465 - 475},
  month = {may},
  doi = {10.1109/ICSE.2003.1201224},
  issn = {0270-5257},
  keywords = {Computer crashes;Estimation error;Frequency estimation;Humans;Instruments;Terminology;Visualization;
	pattern classification; program debugging; program diagnostics; program
	visualisation; software fault tolerance; software maintenance; multivariate
	visualization; program debugging; software diagnosis; software failure;
	supervised pattern classification; unsupervised pattern classification;}
}

@INPROCEEDINGS{Royce1987,
  author = {Royce, W. W.},
  title = {Managing the development of large software systems: concepts and
	techniques},
  booktitle = {Proceedings of the 9th international conference on Software Engineering},
  year = {1987},
  series = {ICSE '87},
  pages = {328--338},
  address = {Los Alamitos, CA, USA},
  publisher = {IEEE Computer Society Press},
  acmid = {41801},
  isbn = {0-89791-216-0},
  location = {Monterey, California, United States},
  numpages = {11},
  url = {http://portal.acm.org/citation.cfm?id=41765.41801}
}

@BOOK{Sommerville2006,
  title = {Software Engineering: (Update) (8th Edition)},
  publisher = {Addison Wesley},
  year = {2006},
  author = {Ian Sommerville},
  isbn = {9780321313799},
 }

@ARTICLE{Standards2002,
  author = {National Institute for Standards and Technology},
  title = {The economic impacts of inadequate infrastructure for software testing},
  year = {2002},
  volume = {Plannin Report 02-03},
  month = {May},
  owner = {mian},
  timestamp = {2013.03.17}
}

@MASTERSTHESIS{Tassis2009,
  author = {Sotirios Tassis},
  title = {Binding YETI with .NET/Code-Contracts},
  school = {Department of Computer Science, The University of York},
  year = {2009},
  month = {September},
  owner = {ma},
  timestamp = {2011.05.06}
}

@INPROCEEDINGS{Tempero2008,
  author = {Tempero, E.},
  title = {An Empirical Study of Unused Design Decisions in Open Source Java
	Software},
  booktitle = {Software Engineering Conference, 2008. APSEC '08. 15th Asia-Pacific},
  year = {2008},
  pages = {33 -40},
  month = {dec.},
  doi = {10.1109/APSEC.2008.30},
  issn = {1530-1362},
  keywords = {dead code;open source Java software;unused design decisions;unused
	interfaces;unused public methods;Java;public domain software;software
	maintenance;}
}

@INPROCEEDINGS{Tempero2010,
  author = {Tempero, Ewan and Anslow, Craig and Dietrich, Jens and Han, Ted and
	Li, Jing and Lumpe, Markus and Melton, Hayden and Noble, James},
  title = {Qualitas Corpus: A Curated Collection of Java Code for Empirical
	Studies},
  booktitle = {2010 Asia Pacific Software Engineering Conference (APSEC2010)},
  year = {2010},
  month = dec
}

@INPROCEEDINGS{Tempero2010b,
  author = {Tempero, Ewan and Anslow, Craig and Dietrich, Jens and Han, Ted and
	Li, Jing and Lumpe, Markus and Melton, Hayden and Noble, James},
  title = {Qualitas Corpus: A Curated Collection of Java Code for Empirical
	Studies},
  booktitle = {2010 Asia Pacific Software Engineering Conference (APSEC2010)},
  year = {2010},
  month = dec
}

@INPROCEEDINGS{Tempero2010a,
  author = {Tempero, Ewan and Counsell, Steve and Noble, James},
  title = {An empirical study of overriding in open source Java},
  booktitle = {Proceedings of the Thirty-Third Australasian Conferenc on Computer
	Science - Volume 102},
  year = {2010},
  series = {ACSC '10},
  pages = {3--12},
  address = {Darlinghurst, Australia, Australia},
  publisher = {Australian Computer Society, Inc.},
  acmid = {1862200},
  isbn = {978-1-920682-83-5},
  keywords = {inheritance, object-oriented design, overriding},
  location = {Brisbane, Australia},
  numpages = {10},
  url = {http://dl.acm.org/citation.cfm?id=1862199.1862200}
}

@MISC{wiki2013,
  author = {Wikipedia},
  title = {Plagiarism --- {W}ikipedia{,} The Free Encyclopedia},
  year = {20013},
  note = {[Online; accessed 23-Mar-2013]},
  url = {http://en.wikipedia.org/w/index.php?title=Plagiarism&oldid=5139350}
}

@ARTICLE{Yoo2012,
  author = {Yoo, S. and Harman, M.},
  title = {Test data regeneration: generating new test data from existing test
	data},
  journal = {Softw. Test. Verif. Reliab.},
  year = {2012},
  volume = {22},
  pages = {171--201},
  number = {3},
  month = may,
  acmid = {2237758},
  address = {Chichester, UK},
  doi = {10.1002/stvr.435},
  issn = {0960-0833},
  issuedate = {May 2012},
  keywords = {search-based software testing, test data generation},
  numpages = {31},
  publisher = {John Wiley and Sons Ltd.},
  url = {http://dx.doi.org/10.1002/stvr.435}
}

@article{howden1986,
  title={A functional approach to program testing and analysis},
  author={Howden, William E},
  journal={Software Engineering, IEEE Transactions on},
  number={10},
  pages={997--1005},
  year={1986},
  publisher={IEEE}
}

@article{korel1990,
  title={Automated software test data generation},
  author={Korel, Bogdan},
  journal={Software Engineering, IEEE Transactions on},
  volume={16},
  number={8},
  pages={870--879},
  year={1990},
  publisher={IEEE}
}


@article{white1987,
  title={Software testing and verification},
  author={White, Lee J.},
  journal={Advances in Computers},
  volume={26},
  number={1},
  pages={335--390},
  year={1987}
}

@article{cohen1997,
  title={The AETG system: An approach to testing based on combinatorial design},
  author={Cohen, David M. and Dalal, Siddhartha R. and Fredman, Michael L. and Patton, Gardner C.},
  journal={Software Engineering, IEEE Transactions on},
  volume={23},
  number={7},
  pages={437--444},
  year={1997},
  publisher={IEEE}
}

