% This file was created with JabRef 2.8.1.
% Encoding: Cp1252

@BOOK{Ammann2008,
  title = {Introduction to Software Testing},
  publisher = {Cambridge University Press},
  year = {2008},
  author = {Paul Ammann and Jeff Offutt},
  isbn = {0521880386},
  url = {http://www.amazon.com/Introduction-Software-Testing-Paul-Ammann/dp/0521880386%3FSubscriptionId%3D0JYN1NVW651KCA56C102%26tag%3Dtechkie-20%26linkCode%3Dxm2%26camp%3D2025%26creative%3D165953%26creativeASIN%3D0521880386}
}

@BOOK{Beizer1995,
  title = {Black-Box Testing: Techniques for Functional Testing of Software
	and Systems},
  publisher = {Wiley},
  year = {1995},
  author = {Boris Beizer},
  isbn = {0471120944},
  url = {http://www.amazon.com/Black-Box-Testing-Techniques-Functional-Software/dp/0471120944%3FSubscriptionId%3D0JYN1NVW651KCA56C102%26tag%3Dtechkie-20%26linkCode%3Dxm2%26camp%3D2025%26creative%3D165953%26creativeASIN%3D0471120944}
}

@ARTICLE{Chan1996,
  author = {Chan, FT and Chen, TY and Mak, IK and Yu, YT},
  title = {Proportional sampling strategy: guidelines for software testing practitioners},
  journal = {Information and Software Technology},
  year = {1996},
  volume = {38},
  pages = {775--782},
  number = {12},
  publisher = {Elsevier}
}

@INPROCEEDINGS{Chan2002,
  author = {Chan, Kwok Ping and Chen, Tsong Yueh and Towey, Dave},
  title = {Restricted Random Testing},
  booktitle = {Proceedings of the 7th International Conference on Software Quality},
  year = {2002},
  series = {ECSQ '02},
  pages = {321--330},
  address = {London, UK, UK},
  publisher = {Springer-Verlag},
  acmid = {650287},
  isbn = {3-540-43749-5},
  numpages = {10},
  url = {http://portal.acm.org/citation.cfm?id=645341.650287}
}

@INPROCEEDINGS{Chen2004,
  author = {Chen, T.Y. and Merkel, R. and Wong, PK and Eddy, G.},
  title = {Adaptive random testing through dynamic partitioning},
  booktitle = {Quality Software, 2004. QSIC 2004. Proceedings. Fourth International
	Conference on},
  year = {2004},
  pages = {79--86},
  organization = {IEEE}
}

@ARTICLE{Chen2008,
  author = {T. Y. Chen},
  title = {Adaptive Random Testing},
  journal = {Eighth International Conference on Qualify Software},
  year = {2008},
  volume = {0},
  pages = {443},
  address = {Los Alamitos, CA, USA},
  issn = {1550-6002},
  publisher = {IEEE Computer Society}
}

@INPROCEEDINGS{Chen2003,
  author = {Chen, T. Y. and Kuo, F. C. and Merkel, R. G. and Ng, S. P.},
  title = {Mirror Adaptive Random Testing},
  booktitle = {Proceedings of the Third International Conference on Quality Software},
  year = {2003},
  series = {QSIC '03},
  pages = {4},
  address = {Washington, DC, USA},
  publisher = {IEEE Computer Society},
  acmid = {951282},
  isbn = {0-7695-2015-4},
  keywords = {Adaptive Random Testing, Randomtesting, Black box testing, Test case
	selection, Softwaretesting},
  url = {http://portal.acm.org/citation.cfm?id=950789.951282}
}

@INPROCEEDINGS{Chen2005,
  author = {Chen, Tsong Yueh and Merkel, Robert},
  title = {Quasi-random testing},
  booktitle = {Proceedings of the 20th IEEE/ACM international Conference on Automated
	software engineering},
  year = {2005},
  series = {ASE '05},
  pages = {309--312},
  address = {New York, NY, USA},
  publisher = {ACM},
  acmid = {1101957},
  doi = {http://doi.acm.org/10.1145/1101908.1101957},
  isbn = {1-58113-993-4},
  keywords = {adaptive random testing, automated testing, low-discrepancy sequence,
	quasi-random sequence, random testing},
  location = {Long Beach, CA, USA},
  numpages = {4},
  url = {http://doi.acm.org/10.1145/1101908.1101957}
}

@INPROCEEDINGS{Ciupa2005,
  author = {Ilinca Ciupa and Andreas Leitner},
  title = {Automatic testing based on design by contract},
  booktitle = {In Proceedings of Net.ObjectDays 2005 (6th Annual International Conference
	on Object-Oriented and Internet-based Technologies, Concepts, and
	Applications for a Networked World},
  year = {2005},
  pages = {545--557}
}

@UNPUBLISHED{Oriol2010b,
  author = {Manuel Oriol},
  title = {The York Extensible Testing Infrastructure (YETI)},
  year = {2010},
  owner = {ma},
  timestamp = {2012.03.21}
}

@INPROCEEDINGS{Oriol2010,
  author = {Oriol, Manuel and Tassis, Sotirios},
  title = {Testing .NET Code with YETI},
  booktitle = {Proceedings of the 2010 15th IEEE International Conference on Engineering
	of Complex Computer Systems},
  year = {2010},
  series = {ICECCS '10},
  pages = {264--265},
  address = {Washington, DC, USA},
  publisher = {IEEE Computer Society},
  acmid = {1912578},
  doi = {10.1109/ICECCS.2010.58},
  isbn = {978-0-7695-4015-3},
  keywords = {Automatic test software, Software engineering},
  numpages = {2},
  url = {http://dx.doi.org/10.1109/ICECCS.2010.58}
}

@INPROCEEDINGS{Oriol2010a,
  author = {Oriol, Manuel and Ullah, Faheem},
  title = {YETI on the Cloud},
  booktitle = {Proceedings of the 2010 Third International Conference on Software
	Testing, Verification, and Validation Workshops},
  year = {2010},
  series = {ICSTW '10},
  pages = {434--437},
  address = {Washington, DC, USA},
  publisher = {IEEE Computer Society},
  acmid = {1799613},
  doi = {10.1109/ICSTW.2010.68},
  isbn = {978-0-7695-4050-4},
  keywords = {Software Testing, Distributed Systems},
  numpages = {4},
  url = {http://dx.doi.org/10.1109/ICSTW.2010.68}
}

@INPROCEEDINGS{Pacheco2007,
  author = {Pacheco, Carlos and Lahiri, Shuvendu K. and Ernst, Michael D. and
	Ball, Thomas},
  title = {Feedback-Directed Random Test Generation},
  booktitle = {Proceedings of the 29th international conference on Software Engineering},
  year = {2007},
  series = {ICSE '07},
  pages = {75--84},
  address = {Washington, DC, USA},
  publisher = {IEEE Computer Society},
  acmid = {1248841},
  doi = {10.1109/ICSE.2007.37},
  isbn = {0-7695-2828-7},
  numpages = {10},
  url = {http://dx.doi.org/10.1109/ICSE.2007.37}
}

@INPROCEEDINGS{Tempero2010,
  author = {Tempero, Ewan and Anslow, Craig and Dietrich, Jens and Han, Ted and
	Li, Jing and Lumpe, Markus and Melton, Hayden and Noble, James},
  title = {Qualitas Corpus: A Curated Collection of Java Code for Empirical
	Studies},
  booktitle = {2010 Asia Pacific Software Engineering Conference (APSEC2010)},
  year = {2010},
  month = dec
}

@comment{jabref-meta: selector_publisher:}

@comment{jabref-meta: selector_author:}

@comment{jabref-meta: selector_journal:}

@comment{jabref-meta: selector_keywords:}

